@article{Song:2010mg,
      author         = "Song, Huichao and Bass, Steffen A. and Heinz, Ulrich and
                        Hirano, Tetsufumi and Shen, Chun",
      title          = "{200 A GeV Au+Au collisions serve a nearly perfect
                        quark-gluon liquid}",
      journal        = "Phys. Rev. Lett.",
      volume         = "106",
      year           = "2011",
      pages          = "192301",
      doi            = "10.1103/PhysRevLett.106.192301,
                        10.1103/PhysRevLett.109.139904",
      note           = "[Erratum: Phys. Rev. Lett.109,139904(2012)]",
      eprint         = "1011.2783",
      archivePrefix  = "arXiv",
      primaryClass   = "nucl-th",
      SLACcitation   = "%%CITATION = ARXIV:1011.2783;%%"
}

@article{Novak:2013bqa,
      author         = "Novak, John and Novak, Kevin and Pratt, Scott and
                        Vredevoogd, Joshua and Coleman-Smith, Chris and others",
      title          = "{Determining Fundamental Properties of Matter Created in
                        Ultrarelativistic Heavy-Ion Collisions}",
      journal        = "Phys.Rev.",
      number         = "3",
      volume         = "C89",
      pages          = "034917",
      doi            = "10.1103/PhysRevC.89.034917",
      year           = "2014",
      eprint         = "1303.5769",
      archivePrefix  = "arXiv",
      primaryClass   = "nucl-th",
      SLACcitation   = "%%CITATION = ARXIV:1303.5769;%%",
}

@article{Huovinen:2009yb,
      author         = "Huovinen, Pasi and Petreczky, Pter",
      title          = "{QCD Equation of State and Hadron Resonance Gas}",
      journal        = "Nucl. Phys.",
      volume         = "A837",
      year           = "2010",
      pages          = "26-53",
      doi            = "10.1016/j.nuclphysa.2010.02.015",
      eprint         = "0912.2541",
      archivePrefix  = "arXiv",
      primaryClass   = "hep-ph",
      SLACcitation   = "%%CITATION = ARXIV:0912.2541;%%"
}

@article{Huovinen:2005gy,
      author         = "Huovinen, Pasi",
      title          = "{Anisotropy of flow and the order of phase transition in
                        relativistic heavy ion collisions}",
      journal        = "Nucl. Phys.",
      volume         = "A761",
      year           = "2005",
      pages          = "296-312",
      doi            = "10.1016/j.nuclphysa.2005.07.016",
      eprint         = "nucl-th/0505036",
      archivePrefix  = "arXiv",
      primaryClass   = "nucl-th",
      reportNumber   = "HIP-2005-14-TH",
      SLACcitation   = "%%CITATION = NUCL-TH/0505036;%%"
}

@article{Huovinen:2009yb,
      author         = "Huovinen, Pasi and Petreczky, Pter",
      title          = "{QCD Equation of State and Hadron Resonance Gas}",
      journal        = "Nucl. Phys.",
      volume         = "A837",
      year           = "2010",
      pages          = "26-53",
      doi            = "10.1016/j.nuclphysa.2010.02.015",
      eprint         = "0912.2541",
      archivePrefix  = "arXiv",
      primaryClass   = "hep-ph",
      SLACcitation   = "%%CITATION = ARXIV:0912.2541;%%"
}

@article{Bazavov:2014pvz,
      author         = "Bazavov, A. and others",
      title          = "{Equation of state in ( 2+1 )-flavor QCD}",
      collaboration  = "HotQCD",
      journal        = "Phys. Rev.",
      volume         = "D90",
      year           = "2014",
      number         = "9",
      pages          = "094503",
      doi            = "10.1103/PhysRevD.90.094503",
      eprint         = "1407.6387",
      archivePrefix  = "arXiv",
      primaryClass   = "hep-lat",
      reportNumber   = "BNL-105928-2014-JA",
      SLACcitation   = "%%CITATION = ARXIV:1407.6387;%%"
}

@article{Borsanyi:2013bia,
      author         = "Borsanyi, Szabocls and Fodor, Zoltan and Hoelbling,
                        Christian and Katz, Sandor D. and Krieg, Stefan and Szabo,
                        Kalman K.",
      title          = "{Full result for the QCD equation of state with 2+1
                        flavors}",
      journal        = "Phys. Lett.",
      volume         = "B730",
      year           = "2014",
      pages          = "99-104",
      doi            = "10.1016/j.physletb.2014.01.007",
      eprint         = "1309.5258",
      archivePrefix  = "arXiv",
      primaryClass   = "hep-lat",
      SLACcitation   = "%%CITATION = ARXIV:1309.5258;%%"
}

@article{Bazavov:2009zn,
      author         = "Bazavov, A. and others",
      title          = "{Equation of state and QCD transition at finite
                        temperature}",
      journal        = "Phys. Rev.",
      volume         = "D80",
      year           = "2009",
      pages          = "014504",
      doi            = "10.1103/PhysRevD.80.014504",
      eprint         = "0903.4379",
      archivePrefix  = "arXiv",
      primaryClass   = "hep-lat",
      reportNumber   = "CU-TP-1189",
      SLACcitation   = "%%CITATION = ARXIV:0903.4379;%%"
}

@article{Pratt:2015zsa,
      author         = "Pratt, Scott and Sangaline, Evan and Sorensen, Paul and
                        Wang, Hui",
      title          = "{Constraining the Eq. of State of Super-Hadronic Matter
                        from Heavy-Ion Collisions}",
      journal        = "Phys. Rev. Lett.",
      volume         = "114",
      year           = "2015",
      pages          = "202301",
      doi            = "10.1103/PhysRevLett.114.202301",
      eprint         = "1501.04042",
      archivePrefix  = "arXiv",
      primaryClass   = "nucl-th",
      SLACcitation   = "%%CITATION = ARXIV:1501.04042;%%"
}

@article{Soltz:2015ula,
      author         = "Soltz, R. A. and DeTar, C. and Karsch, F. and Mukherjee,
                        Swagato and Vranas, P.",
      title          = "{Lattice QCD Thermodynamics with Physical Quark Masses}",
      year           = "2015",
      eprint         = "1502.02296",
      archivePrefix  = "arXiv",
      primaryClass   = "hep-lat",
      SLACcitation   = "%%CITATION = ARXIV:1502.02296;%%"
}

@article{Bass:1998ca,
      author         = "Bass, S. A. and others",
      title          = "{Microscopic models for ultrarelativistic heavy ion
                        collisions}",
      journal        = "Prog. Part. Nucl. Phys.",
      volume         = "41",
      year           = "1998",
      pages          = "255-369",
      doi            = "10.1016/S0146-6410(98)00058-1",
      note           = "[Prog. Part. Nucl. Phys.41,225(1998)]",
      eprint         = "nucl-th/9803035",
      archivePrefix  = "arXiv",
      primaryClass   = "nucl-th",
      SLACcitation   = "%%CITATION = NUCL-TH/9803035;%%"
}

@article{Bleicher:1999xi,
      author         = "Bleicher, M. and others",
      title          = "{Relativistic hadron hadron collisions in the
                        ultrarelativistic quantum molecular dynamics model}",
      journal        = "J. Phys.",
      volume         = "G25",
      year           = "1999",
      pages          = "1859-1896",
      doi            = "10.1088/0954-3899/25/9/308",
      eprint         = "hep-ph/9909407",
      archivePrefix  = "arXiv",
      primaryClass   = "hep-ph",
      SLACcitation   = "%%CITATION = HEP-PH/9909407;%%"
}

@article{Bazavov:2014xya,
      author         = "Bazavov, A. and others",
      title          = "{Additional Strange Hadrons from QCD Thermodynamics and
                        Strangeness Freezeout in Heavy Ion Collisions}",
      journal        = "Phys. Rev. Lett.",
      volume         = "113",
      year           = "2014",
      number         = "7",
      pages          = "072001",
      doi            = "10.1103/PhysRevLett.113.072001",
      eprint         = "1404.6511",
      archivePrefix  = "arXiv",
      primaryClass   = "hep-lat",
      reportNumber   = "BI-TP-2014-10",
      SLACcitation   = "%%CITATION = ARXIV:1404.6511;%%"
}

@article{Adare:2015aqk,
      author         = "Adare, A. and others",
      title          = "{Measurement of higher cumulants of net-charge
                        multiplicity distributions in Au$+$Au collisions at
                        $\sqrt{s_{_{NN}}}=7.7-200$ GeV}",
      collaboration  = "PHENIX",
      year           = "2015",
      eprint         = "1506.07834",
      archivePrefix  = "arXiv",
      primaryClass   = "nucl-ex",
      SLACcitation   = "%%CITATION = ARXIV:1506.07834;%%"
}